%% LaTeX2e file `proposal.bib'
%% generated by the `filecontents' environment
%% from source `main' on 2016/04/08.
%%
@article{winter2012rpl,
  title={RPL: IPv6 routing protocol for low-power and lossy networks},
  author={Winter, Tim},
  year={2012}
}

@inproceedings{hui2008ip,
  title={IP is dead, long live IP for wireless sensor networks},
  author={Hui, Jonathan W and Culler, David E},
  booktitle={Proceedings of the 6th ACM conference on Embedded network sensor systems},
  pages={15--28},
  year={2008},
  organization={ACM}
}

@article{levis2011trickle,
  title={The trickle algorithm},
  author={Levis, Philip and Clausen, T and Hui, Jonathan and Gnawali, Omprakash and Ko, J},
  journal={Internet Engineering Task Force, RFC6206},
  year={2011}
}

@inproceedings{polastre2004versatile,
  title={Versatile low power media access for wireless sensor networks},
  author={Polastre, Joseph and Hill, Jason and Culler, David},
  booktitle={Proceedings of the 2nd international conference on Embedded networked sensor systems},
  pages={95--107},
  year={2004},
  organization={ACM}
}

@article{shelby2012neighbor,
  title={Neighbor discovery optimization for IPv6 over low-power wireless personal area networks (6LoWPANs)},
  author={Shelby, Zach and Chakrabarti, Samita and Nordmark, E and Bormann, C},
  journal={Standard Track},
  volume={6775},
  year={2012}
}

@article{narten2007neighbor,
  title={Neighbor discovery for IP version 6 (IPv6)},
  author={Narten, Thomas and Simpson, William Allen and Nordmark, Erik and Soliman, Hesham},
  year={2007}
}

@phdthesis{hui2008extended,
  title={An Extended Internet Architecture for Low-power Wireless Networks: Design and Implementation},
  author={Hui, Jonathan Wing-Yan},
  year={2008},
  school={University of California, Berkeley}
}

@article{fonseca2006collection,
    title={The collection tree protocol (CTP)},
    author={Fonseca, Rodrigo and Gnawali, Omprakash and Jamieson, Kyle and Kim, Sukun and Levis, Philip and Woo, Alec},
    journal={TinyOS TEP},
    volume={123},
    pages={2},
    year={2006}
}

@inproceedings{dawson2010hydro,
    title={Hydro: A hybrid routing protocol for low-power and lossy networks},
    author={Dawson-Haggerty, Stephen and Tavakoli, Arsalan and Culler, David},
    booktitle={Smart Grid Communications (SmartGridComm), 2010 First IEEE International Conference on},
    pages={268--273},
    year={2010},
    organization={IEEE}
}
