@inproceedings{ko2011evaluating,
  title={Evaluating the Performance of RPL and 6LoWPAN in TinyOS},
  author={Ko, JeongGil and Dawson-Haggerty, Stephen and Gnawali, Omprakash and Culler, David and Terzis, Andreas},
  booktitle={Workshop on Extending the Internet to Low Power and Lossy Networks (IP+ SN)},
  year={2011},
  organization={Citeseer}
}

@book{ns2,
  title={Introduction to network simulator NS2},
  author={Issariyakul, Teerawat and Hossain, Ekram},
  year={2011},
  publisher={Springer Science \& Business Media}
}

@inproceedings{omnet++,
  title={The OMNeT++ discrete event simulation system},
  author={Varga, Andr{\'a}s and others},
  booktitle={Proceedings of the European simulation multiconference (ESMâ€™2001)},
  volume={9},
  number={S 185},
  pages={65},
  year={2001},
  organization={sn}
}

@inproceedings{cooja,
  title={Cross-level sensor network simulation with cooja},
  author={Osterlind, Fredrik and Dunkels, Adam and Eriksson, Joakim and Finne, Niclas and Voigt, Thiemo},
  booktitle={Local Computer Networks, Proceedings 2006 31st IEEE Conference on},
  pages={641--648},
  year={2006},
  organization={IEEE}
}

@inproceedings{polastre2005telos,
  title={Telos: enabling ultra-low power wireless research},
  author={Polastre, Joseph and Szewczyk, Robert and Culler, David},
  booktitle={Information Processing in Sensor Networks, 2005. IPSN 2005. Fourth International Symposium on},
  pages={364--369},
  year={2005},
  organization={IEEE}
}

@inproceedings{andersen2016system,
  title={System Design for a Synergistic, Low Power Mote/BLE Embedded Platform},
  author={Andersen, Michael P and Fierro, Gabe and Culler, David E},
  booktitle={2016 15th ACM/IEEE International Conference on Information Processing in Sensor Networks (IPSN)},
  pages={1--12},
  year={2016},
  organization={IEEE}
}

@incollection{levis2005tinyos,
  title={TinyOS: An operating system for sensor networks},
  author={Levis, Philip and Madden, Sam and Polastre, Joseph and Szewczyk, Robert and Whitehouse, Kamin and Woo, Alec and Gay, David and Hill, Jason and Welsh, Matt and Brewer, Eric and others},
  booktitle={Ambient intelligence},
  pages={115--148},
  year={2005},
  publisher={Springer}
}

@misc{elua,
    title={Embedded Lua},
    year={2015},
    howpublished="\url{http://www.eluaproject.net/}",
}

@inproceedings{ctp,
  title={Collection tree protocol},
  author={Gnawali, Omprakash and Fonseca, Rodrigo and Jamieson, Kyle and Moss, David and Levis, Philip},
  booktitle={Proceedings of the 7th ACM Conference on Embedded Networked Sensor Systems},
  pages={1--14},
  year={2009},
  organization={ACM}
}

@inproceedings{tripathi2010performance,
  title={A performance evaluation study of RPL: routing protocol for low power and lossy networks},
  author={Tripathi, Joydeep and de Oliveira, Jaudelice Cavalcante and Vasseur, Jean-Philippe},
  booktitle={Information Sciences and Systems (CISS), 2010 44th Annual Conference on},
  pages={1--6},
  year={2010},
  organization={IEEE}
}

@inproceedings{clausen2011critical,
  title={A critical evaluation of the IPv6 routing protocol for low power and lossy networks (RPL)},
  author={Clausen, Thomas and Herberg, Ulrich and Philipp, Matthias},
  booktitle={Wireless and Mobile Computing, Networking and Communications (WiMob), 2011 IEEE 7th International Conference on},
  pages={365--372},
  year={2011},
  organization={IEEE}
}

@inproceedings{fonseca2008tracking,
  title={Quanto: Tracking Energy in Networked Embedded Systems.},
  author={Fonseca, Rodrigo and Dutta, Prabal and Levis, Philip and Stoica, Ion},
  booktitle={OSDI},
  volume={8},
  pages={323--338},
  year={2008}
}

@inproceedings{tennenhouse2002towards,
  title={Towards an active network architecture},
  author={Tennenhouse, David L and Wetherall, David J},
  booktitle={DARPA Active NEtworks Conference and Exposition, 2002. Proceedings},
  pages={2--15},
  year={2002},
  organization={IEEE}
}

@inproceedings{wetherall1998ants,
  title={ANTS: A toolkit for building and dynamically deploying network protocols},
  author={Wetherall, David J and Guttag, John V and Tennenhouse, David L},
  booktitle={Open Architectures and Network Programming, 1998 IEEE},
  pages={117--129},
  year={1998},
  organization={IEEE}
}

@article{tennenhouse1997survey,
  title={A survey of active network research},
  author={Tennenhouse, David L and Smith, Jonathan M and Sincoskie, W David and Wetherall, David J and Minden, Gary J},
  journal={Communications Magazine, IEEE},
  volume={35},
  number={1},
  pages={80--86},
  year={1997},
  publisher={IEEE}
}

@inproceedings{wetherall2002active,
  title={Active network vision and reality: lessons from a capsule-based system},
  author={Wetherall, David},
  booktitle={DARPA Active NEtworks Conference and Exposition, 2002. Proceedings},
  pages={25--40},
  year={2002},
  organization={IEEE}
}

@inproceedings{spring2003scriptroute,
  title={Scriptroute: A Public Internet Measurement Facility.},
  author={Spring, Neil T and Wetherall, David and Anderson, Thomas E},
  booktitle={USENIX Symposium on Internet Technologies and Systems},
  year={2003}
}

